{
  "symbol": "MSFT",
  "annualReports": [
    {
      "fiscalDateEnding": "2020-06-30",
      "reportedCurrency": "USD",
      "grossProfit": "96937000000",
      "totalRevenue": "140503000000",
      "costOfRevenue": "46078000000",
      "costofGoodsAndServicesSold": "46078000000",
      "operatingIncome": "52959000000",
      "sellingGeneralAndAdministrative": "24709000000",
      "researchAndDevelopment": "19269000000",
      "operatingExpenses": "46350000000",
      "investmentIncomeNet": "2680000000",
      "netInterestIncome": "-2591000000",
      "interestIncome": "2680000000",
      "interestExpense": "2591000000",
      "nonInterestIncome": "143094000000",
      "otherNonOperatingIncome": "-40000000",
      "depreciation": "10700000000",
      "depreciationAndAmortization": "2211000000",
      "incomeBeforeTax": "53036000000",
      "incomeTaxExpense": "8755000000",
      "interestAndDebtExpense": "2591000000",
      "netIncomeFromContinuingOperations": "44281000000",
      "comprehensiveIncomeNetOfTax": "47807000000",
      "ebit": "52959000000",
      "ebitda": "55170000000",
      "netIncome": "44281000000"
    },
    {
      "fiscalDateEnding": "2019-06-30",
      "reportedCurrency": "USD",
      "grossProfit": "82933000000",
      "totalRevenue": "123495000000",
      "costOfRevenue": "42910000000",
      "costofGoodsAndServicesSold": "42910000000",
      "operatingIncome": "42959000000",
      "sellingGeneralAndAdministrative": "23098000000",
      "researchAndDevelopment": "16876000000",
      "operatingExpenses": "42244000000",
      "investmentIncomeNet": "2762000000",
      "netInterestIncome": "-2686000000",
      "interestIncome": "812000000",
      "interestExpense": "2686000000",
      "nonInterestIncome": "126181000000",
      "otherNonOperatingIncome": "-57000000",
      "depreciation": "9700000000",
      "depreciationAndAmortization": "2270000000",
      "incomeBeforeTax": "43688000000",
      "incomeTaxExpense": "4448000000",
      "interestAndDebtExpense": "2686000000",
      "netIncomeFromContinuingOperations": "39240000000",
      "comprehensiveIncomeNetOfTax": "41154000000",
      "ebit": "42959000000",
      "ebitda": "45229000000",
      "netIncome": "39240000000"
    },
    {
      "fiscalDateEnding": "2018-06-30",
      "reportedCurrency": "USD",
      "grossProfit": "72007000000",
      "totalRevenue": "110628000000",
      "costOfRevenue": "38353000000",
      "costofGoodsAndServicesSold": "38353000000",
      "operatingIncome": "35058000000",
      "sellingGeneralAndAdministrative": "22223000000",
      "researchAndDevelopment": "14726000000",
      "operatingExpenses": "39392000000",
      "investmentIncomeNet": "2214000000",
      "netInterestIncome": "-2733000000",
      "interestIncome": "1522000000",
      "interestExpense": "2733000000",
      "nonInterestIncome": "113361000000",
      "otherNonOperatingIncome": "-59000000",
      "depreciation": "7700000000",
      "depreciationAndAmortization": "2443000000",
      "incomeBeforeTax": "36474000000",
      "incomeTaxExpense": "19903000000",
      "interestAndDebtExpense": "2733000000",
      "netIncomeFromContinuingOperations": "16571000000",
      "comprehensiveIncomeNetOfTax": "13715000000",
      "ebit": "35058000000",
      "ebitda": "37501000000",
      "netIncome": "16571000000"
    },
    {
      "fiscalDateEnding": "2017-06-30",
      "reportedCurrency": "USD",
      "grossProfit": "62310000000",
      "totalRevenue": "96571000000",
      "costOfRevenue": "34261000000",
      "costofGoodsAndServicesSold": "34261000000",
      "operatingIncome": "29025000000",
      "sellingGeneralAndAdministrative": "19942000000",
      "researchAndDevelopment": "13037000000",
      "operatingExpenses": "34985000000",
      "investmentIncomeNet": "1387000000",
      "netInterestIncome": "-2222000000",
      "interestIncome": "1182000000",
      "interestExpense": "2222000000",
      "nonInterestIncome": "98642000000",
      "otherNonOperatingIncome": "-251000000",
      "depreciation": "6100000000",
      "depreciationAndAmortization": "1700000000",
      "incomeBeforeTax": "29901000000",
      "incomeTaxExpense": "4412000000",
      "interestAndDebtExpense": "2222000000",
      "netIncomeFromContinuingOperations": "25489000000",
      "comprehensiveIncomeNetOfTax": "24322000000",
      "ebit": "29025000000",
      "ebitda": "30725000000",
      "netIncome": "25489000000"
    },
    {
      "fiscalDateEnding": "2016-06-30",
      "reportedCurrency": "USD",
      "grossProfit": "52540000000",
      "totalRevenue": "85320000000",
      "costOfRevenue": "32780000000",
      "costofGoodsAndServicesSold": "32780000000",
      "operatingIncome": "20182000000",
      "sellingGeneralAndAdministrative": "19198000000",
      "researchAndDevelopment": "11988000000",
      "operatingExpenses": "32794000000",
      "investmentIncomeNet": "903000000",
      "netInterestIncome": "-1243000000",
      "interestIncome": "78000000",
      "interestExpense": "1243000000",
      "nonInterestIncome": "90582000000",
      "otherNonOperatingIncome": "-195000000",
      "depreciation": "4900000000",
      "depreciationAndAmortization": "978000000",
      "incomeBeforeTax": "21898000000",
      "incomeTaxExpense": "5100000000",
      "interestAndDebtExpense": "1243000000",
      "netIncomeFromContinuingOperations": "20539000000",
      "comprehensiveIncomeNetOfTax": "19811000000",
      "ebit": "20182000000",
      "ebitda": "21160000000",
      "netIncome": "16798000000"
    }
  ],
  "quarterlyReports": [
    {
      "fiscalDateEnding": "2020-12-31",
      "reportedCurrency": "USD",
      "grossProfit": "28882000000",
      "totalRevenue": "42558000000",
      "costOfRevenue": "14194000000",
      "costofGoodsAndServicesSold": "14194000000",
      "operatingIncome": "17897000000",
      "sellingGeneralAndAdministrative": "6086000000",
      "researchAndDevelopment": "4899000000",
      "operatingExpenses": "11612000000",
      "investmentIncomeNet": "545000000",
      "netInterestIncome": "-571000000",
      "interestIncome": "545000000",
      "interestExpense": "571000000",
      "nonInterestIncome": "43129000000",
      "otherNonOperatingIncome": "70000000",
      "depreciation": "None",
      "depreciationAndAmortization": "627000000",
      "incomeBeforeTax": "18337000000",
      "incomeTaxExpense": "2874000000",
      "interestAndDebtExpense": "571000000",
      "netIncomeFromContinuingOperations": "15463000000",
      "comprehensiveIncomeNetOfTax": "15720000000",
      "ebit": "17897000000",
      "ebitda": "18524000000",
      "netIncome": "15463000000"
    },
    {
      "fiscalDateEnding": "2020-09-30",
      "reportedCurrency": "USD",
      "grossProfit": "26152000000",
      "totalRevenue": "36724000000",
      "costOfRevenue": "11002000000",
      "costofGoodsAndServicesSold": "11002000000",
      "operatingIncome": "15876000000",
      "sellingGeneralAndAdministrative": "5350000000",
      "researchAndDevelopment": "4926000000",
      "operatingExpenses": "10865000000",
      "investmentIncomeNet": "570000000",
      "netInterestIncome": "-589000000",
      "interestIncome": "None",
      "interestExpense": "589000000",
      "nonInterestIncome": "37313000000",
      "otherNonOperatingIncome": "248000000",
      "depreciation": "None",
      "depreciationAndAmortization": "589000000",
      "incomeBeforeTax": "16124000000",
      "incomeTaxExpense": "2231000000",
      "interestAndDebtExpense": "589000000",
      "netIncomeFromContinuingOperations": "13893000000",
      "comprehensiveIncomeNetOfTax": "13807000000",
      "ebit": "15876000000",
      "ebitda": "16465000000",
      "netIncome": "13893000000"
    },
    {
      "fiscalDateEnding": "2020-06-30",
      "reportedCurrency": "USD",
      "grossProfit": "25694000000",
      "totalRevenue": "37438000000",
      "costOfRevenue": "12339000000",
      "costofGoodsAndServicesSold": "12339000000",
      "operatingIncome": "13407000000",
      "sellingGeneralAndAdministrative": "7073000000",
      "researchAndDevelopment": "5214000000",
      "operatingExpenses": "13036000000",
      "investmentIncomeNet": "595000000",
      "netInterestIncome": "-686000000",
      "interestIncome": "None",
      "interestExpense": "686000000",
      "nonInterestIncome": "38124000000",
      "otherNonOperatingIncome": "0",
      "depreciation": "None",
      "depreciationAndAmortization": "588000000",
      "incomeBeforeTax": "13422000000",
      "incomeTaxExpense": "2220000000",
      "interestAndDebtExpense": "686000000",
      "netIncomeFromContinuingOperations": "11202000000",
      "comprehensiveIncomeNetOfTax": "11712000000",
      "ebit": "13407000000",
      "ebitda": "13995000000",
      "netIncome": "11202000000"
    },
    {
      "fiscalDateEnding": "2020-03-31",
      "reportedCurrency": "USD",
      "grossProfit": "24046000000",
      "totalRevenue": "34315000000",
      "costOfRevenue": "10975000000",
      "costofGoodsAndServicesSold": "10975000000",
      "operatingIncome": "12975000000",
      "sellingGeneralAndAdministrative": "6184000000",
      "researchAndDevelopment": "4887000000",
      "operatingExpenses": "11561000000",
      "investmentIncomeNet": "673000000",
      "netInterestIncome": "-614000000",
      "interestIncome": "-153000000",
      "interestExpense": "614000000",
      "nonInterestIncome": "34929000000",
      "otherNonOperatingIncome": "-3000000",
      "depreciation": "None",
      "depreciationAndAmortization": "490000000",
      "incomeBeforeTax": "12843000000",
      "incomeTaxExpense": "2091000000",
      "interestAndDebtExpense": "614000000",
      "netIncomeFromContinuingOperations": "10752000000",
      "comprehensiveIncomeNetOfTax": "13683000000",
      "ebit": "12975000000",
      "ebitda": "13465000000",
      "netIncome": "10752000000"
    },
    {
      "fiscalDateEnding": "2019-12-31",
      "reportedCurrency": "USD",
      "grossProfit": "24548000000",
      "totalRevenue": "36322000000",
      "costOfRevenue": "12358000000",
      "costofGoodsAndServicesSold": "12358000000",
      "operatingIncome": "13891000000",
      "sellingGeneralAndAdministrative": "6054000000",
      "researchAndDevelopment": "4603000000",
      "operatingExpenses": "11231000000",
      "investmentIncomeNet": "688000000",
      "netInterestIncome": "-654000000",
      "interestIncome": "281000000",
      "interestExpense": "654000000",
      "nonInterestIncome": "36976000000",
      "otherNonOperatingIncome": "-19000000",
      "depreciation": "None",
      "depreciationAndAmortization": "574000000",
      "incomeBeforeTax": "14085000000",
      "incomeTaxExpense": "2436000000",
      "interestAndDebtExpense": "654000000",
      "netIncomeFromContinuingOperations": "11649000000",
      "comprehensiveIncomeNetOfTax": "11455000000",
      "ebit": "13891000000",
      "ebitda": "14465000000",
      "netIncome": "11649000000"
    },
    {
      "fiscalDateEnding": "2019-09-30",
      "reportedCurrency": "USD",
      "grossProfit": "22649000000",
      "totalRevenue": "32428000000",
      "costOfRevenue": "10406000000",
      "costofGoodsAndServicesSold": "10406000000",
      "operatingIncome": "12686000000",
      "sellingGeneralAndAdministrative": "5398000000",
      "researchAndDevelopment": "4565000000",
      "operatingExpenses": "10522000000",
      "investmentIncomeNet": "724000000",
      "netInterestIncome": "-637000000",
      "interestIncome": "-139000000",
      "interestExpense": "637000000",
      "nonInterestIncome": "33065000000",
      "otherNonOperatingIncome": "-18000000",
      "depreciation": "None",
      "depreciationAndAmortization": "559000000",
      "incomeBeforeTax": "12686000000",
      "incomeTaxExpense": "2008000000",
      "interestAndDebtExpense": "637000000",
      "netIncomeFromContinuingOperations": "10678000000",
      "comprehensiveIncomeNetOfTax": "10957000000",
      "ebit": "12686000000",
      "ebitda": "13245000000",
      "netIncome": "10678000000"
    },
    {
      "fiscalDateEnding": "2019-06-30",
      "reportedCurrency": "USD",
      "grossProfit": "23305000000",
      "totalRevenue": "33091000000",
      "costOfRevenue": "10412000000",
      "costofGoodsAndServicesSold": "10412000000",
      "operatingIncome": "12405000000",
      "sellingGeneralAndAdministrative": "6387000000",
      "researchAndDevelopment": "4513000000",
      "operatingExpenses": "11408000000",
      "investmentIncomeNet": "709000000",
      "netInterestIncome": "-669000000",
      "interestIncome": "321000000",
      "interestExpense": "669000000",
      "nonInterestIncome": "33760000000",
      "otherNonOperatingIncome": "-121000000",
      "depreciation": "None",
      "depreciationAndAmortization": "508000000",
      "incomeBeforeTax": "12596000000",
      "incomeTaxExpense": "-591000000",
      "interestAndDebtExpense": "669000000",
      "netIncomeFromContinuingOperations": "13187000000",
      "comprehensiveIncomeNetOfTax": "14112000000",
      "ebit": "12405000000",
      "ebitda": "12913000000",
      "netIncome": "13187000000"
    },
    {
      "fiscalDateEnding": "2019-03-31",
      "reportedCurrency": "USD",
      "grossProfit": "20401000000",
      "totalRevenue": "29993000000",
      "costOfRevenue": "10170000000",
      "costofGoodsAndServicesSold": "10170000000",
      "operatingIncome": "10341000000",
      "sellingGeneralAndAdministrative": "5744000000",
      "researchAndDevelopment": "4316000000",
      "operatingExpenses": "10560000000",
      "investmentIncomeNet": "668000000",
      "netInterestIncome": "-671000000",
      "interestIncome": "None",
      "interestExpense": "671000000",
      "nonInterestIncome": "30664000000",
      "otherNonOperatingIncome": "16000000",
      "depreciation": "None",
      "depreciationAndAmortization": "500000000",
      "incomeBeforeTax": "10486000000",
      "incomeTaxExpense": "1677000000",
      "interestAndDebtExpense": "671000000",
      "netIncomeFromContinuingOperations": "8809000000",
      "comprehensiveIncomeNetOfTax": "9557000000",
      "ebit": "10341000000",
      "ebitda": "10841000000",
      "netIncome": "8809000000"
    },
    {
      "fiscalDateEnding": "2018-12-31",
      "reportedCurrency": "USD",
      "grossProfit": "20048000000",
      "totalRevenue": "32471000000",
      "costOfRevenue": "12423000000",
      "costofGoodsAndServicesSold": "12423000000",
      "operatingIncome": "10258000000",
      "sellingGeneralAndAdministrative": "5720000000",
      "researchAndDevelopment": "4070000000",
      "operatingExpenses": "10404000000",
      "investmentIncomeNet": "704000000",
      "netInterestIncome": "-672000000",
      "interestIncome": "None",
      "interestExpense": "672000000",
      "nonInterestIncome": "32471000000",
      "otherNonOperatingIncome": "34000000",
      "depreciation": "None",
      "depreciationAndAmortization": "614000000",
      "incomeBeforeTax": "10385000000",
      "incomeTaxExpense": "1965000000",
      "interestAndDebtExpense": "672000000",
      "netIncomeFromContinuingOperations": "10258000000",
      "comprehensiveIncomeNetOfTax": "9022000000",
      "ebit": "10258000000",
      "ebitda": "10872000000",
      "netIncome": "8420000000"
    },
    {
      "fiscalDateEnding": "2018-09-30",
      "reportedCurrency": "USD",
      "grossProfit": "19179000000",
      "totalRevenue": "29084000000",
      "costOfRevenue": "9905000000",
      "costofGoodsAndServicesSold": "9905000000",
      "operatingIncome": "9955000000",
      "sellingGeneralAndAdministrative": "5247000000",
      "researchAndDevelopment": "3977000000",
      "operatingExpenses": "9858000000",
      "investmentIncomeNet": "681000000",
      "netInterestIncome": "-674000000",
      "interestIncome": "None",
      "interestExpense": "674000000",
      "nonInterestIncome": "29084000000",
      "otherNonOperatingIncome": "14000000",
      "depreciation": "None",
      "depreciationAndAmortization": "634000000",
      "incomeBeforeTax": "10221000000",
      "incomeTaxExpense": "1397000000",
      "interestAndDebtExpense": "674000000",
      "netIncomeFromContinuingOperations": "9955000000",
      "comprehensiveIncomeNetOfTax": "8463000000",
      "ebit": "9955000000",
      "ebitda": "10589000000",
      "netIncome": "8824000000"
    },
    {
      "fiscalDateEnding": "2018-06-30",
      "reportedCurrency": "USD",
      "grossProfit": "20343000000",
      "totalRevenue": "30120000000",
      "costOfRevenue": "9742000000",
      "costofGoodsAndServicesSold": "9742000000",
      "operatingIncome": "10379000000",
      "sellingGeneralAndAdministrative": "6031000000",
      "researchAndDevelopment": "3933000000",
      "operatingExpenses": "10707000000",
      "investmentIncomeNet": "636000000",
      "netInterestIncome": "-672000000",
      "interestIncome": "None",
      "interestExpense": "672000000",
      "nonInterestIncome": "30792000000",
      "otherNonOperatingIncome": "-61000000",
      "depreciation": "None",
      "depreciationAndAmortization": "743000000",
      "incomeBeforeTax": "10680000000",
      "incomeTaxExpense": "1807000000",
      "interestAndDebtExpense": "672000000",
      "netIncomeFromContinuingOperations": "8873000000",
      "comprehensiveIncomeNetOfTax": "7797000000",
      "ebit": "10379000000",
      "ebitda": "11122000000",
      "netIncome": "8873000000"
    },
    {
      "fiscalDateEnding": "2018-03-31",
      "reportedCurrency": "USD",
      "grossProfit": "17550000000",
      "totalRevenue": "26933000000",
      "costOfRevenue": "9269000000",
      "costofGoodsAndServicesSold": "9269000000",
      "operatingIncome": "8292000000",
      "sellingGeneralAndAdministrative": "5543000000",
      "researchAndDevelopment": "3715000000",
      "operatingExpenses": "9858000000",
      "investmentIncomeNet": "575000000",
      "netInterestIncome": "-691000000",
      "interestIncome": "None",
      "interestExpense": "691000000",
      "nonInterestIncome": "27624000000",
      "otherNonOperatingIncome": "7000000",
      "depreciation": "None",
      "depreciationAndAmortization": "600000000",
      "incomeBeforeTax": "8641000000",
      "incomeTaxExpense": "1217000000",
      "interestAndDebtExpense": "691000000",
      "netIncomeFromContinuingOperations": "7424000000",
      "comprehensiveIncomeNetOfTax": "6670000000",
      "ebit": "8292000000",
      "ebitda": "8892000000",
      "netIncome": "7424000000"
    },
    {
      "fiscalDateEnding": "2017-12-31",
      "reportedCurrency": "USD",
      "grossProfit": "17854000000",
      "totalRevenue": "28918000000",
      "costOfRevenue": "11064000000",
      "costofGoodsAndServicesSold": "11064000000",
      "operatingIncome": "8679000000",
      "sellingGeneralAndAdministrative": "5671000000",
      "researchAndDevelopment": "3504000000",
      "operatingExpenses": "9737000000",
      "investmentIncomeNet": "530000000",
      "netInterestIncome": "-698000000",
      "interestIncome": "None",
      "interestExpense": "698000000",
      "nonInterestIncome": "28918000000",
      "otherNonOperatingIncome": "34000000",
      "depreciation": "None",
      "depreciationAndAmortization": "562000000",
      "incomeBeforeTax": "9169000000",
      "incomeTaxExpense": "15471000000",
      "interestAndDebtExpense": "698000000",
      "netIncomeFromContinuingOperations": "8679000000",
      "comprehensiveIncomeNetOfTax": "-7227000000",
      "ebit": "8679000000",
      "ebitda": "9241000000",
      "netIncome": "-6302000000"
    },
    {
      "fiscalDateEnding": "2017-09-30",
      "reportedCurrency": "USD",
      "grossProfit": "16260000000",
      "totalRevenue": "24538000000",
      "costOfRevenue": "8278000000",
      "costofGoodsAndServicesSold": "8278000000",
      "operatingIncome": "7708000000",
      "sellingGeneralAndAdministrative": "4978000000",
      "researchAndDevelopment": "3574000000",
      "operatingExpenses": "9115000000",
      "investmentIncomeNet": "473000000",
      "netInterestIncome": "-672000000",
      "interestIncome": "None",
      "interestExpense": "672000000",
      "nonInterestIncome": "24538000000",
      "otherNonOperatingIncome": "-39000000",
      "depreciation": "None",
      "depreciationAndAmortization": "563000000",
      "incomeBeforeTax": "7984000000",
      "incomeTaxExpense": "1408000000",
      "interestAndDebtExpense": "672000000",
      "netIncomeFromContinuingOperations": "7708000000",
      "comprehensiveIncomeNetOfTax": "6475000000",
      "ebit": "7708000000",
      "ebitda": "8271000000",
      "netIncome": "6576000000"
    },
    {
      "fiscalDateEnding": "2017-06-30",
      "reportedCurrency": "USD",
      "grossProfit": "17149000000",
      "totalRevenue": "27504000000",
      "costOfRevenue": "8456000000",
      "costofGoodsAndServicesSold": "22227000000",
      "operatingIncome": "7682000000",
      "sellingGeneralAndAdministrative": "5647000000",
      "researchAndDevelopment": "3514000000",
      "operatingExpenses": "10067000000",
      "investmentIncomeNet": "403000000",
      "netInterestIncome": "-655000000",
      "interestIncome": "None",
      "interestExpense": "655000000",
      "nonInterestIncome": "99125000000",
      "otherNonOperatingIncome": "-24000000",
      "depreciation": "None",
      "depreciationAndAmortization": "600000000",
      "incomeBeforeTax": "7958000000",
      "incomeTaxExpense": "-111000000",
      "interestAndDebtExpense": "655000000",
      "netIncomeFromContinuingOperations": "8069000000",
      "comprehensiveIncomeNetOfTax": "7855000000",
      "ebit": "7682000000",
      "ebitda": "8282000000",
      "netIncome": "8069000000"
    },
    {
      "fiscalDateEnding": "2017-03-31",
      "reportedCurrency": "USD",
      "grossProfit": "15152000000",
      "totalRevenue": "22453000000",
      "costOfRevenue": "8060000000",
      "costofGoodsAndServicesSold": "3075000000",
      "operatingIncome": "6723000000",
      "sellingGeneralAndAdministrative": "5074000000",
      "researchAndDevelopment": "3355000000",
      "operatingExpenses": "9000000000",
      "investmentIncomeNet": "380000000",
      "netInterestIncome": "-609000000",
      "interestIncome": "None",
      "interestExpense": "609000000",
      "nonInterestIncome": "-150000000",
      "otherNonOperatingIncome": "-40000000",
      "depreciation": "None",
      "depreciationAndAmortization": "571000000",
      "incomeBeforeTax": "7094000000",
      "incomeTaxExpense": "1608000000",
      "interestAndDebtExpense": "609000000",
      "netIncomeFromContinuingOperations": "5486000000",
      "comprehensiveIncomeNetOfTax": "5675000000",
      "ebit": "6723000000",
      "ebitda": "7294000000",
      "netIncome": "5486000000"
    },
    {
      "fiscalDateEnding": "2016-12-31",
      "reportedCurrency": "USD",
      "grossProfit": "15925000000",
      "totalRevenue": "25826000000",
      "costOfRevenue": "9901000000",
      "costofGoodsAndServicesSold": "5378000000",
      "operatingIncome": "7905000000",
      "sellingGeneralAndAdministrative": "4958000000",
      "researchAndDevelopment": "3062000000",
      "operatingExpenses": "8335000000",
      "investmentIncomeNet": "311000000",
      "netInterestIncome": "-521000000",
      "interestIncome": "None",
      "interestExpense": "521000000",
      "nonInterestIncome": "25826000000",
      "otherNonOperatingIncome": "-172000000",
      "depreciation": "None",
      "depreciationAndAmortization": "315000000",
      "incomeBeforeTax": "8022000000",
      "incomeTaxExpense": "1755000000",
      "interestAndDebtExpense": "521000000",
      "netIncomeFromContinuingOperations": "7905000000",
      "comprehensiveIncomeNetOfTax": "4961000000",
      "ebit": "7905000000",
      "ebitda": "8220000000",
      "netIncome": "6267000000"
    },
    {
      "fiscalDateEnding": "2016-09-30",
      "reportedCurrency": "USD",
      "grossProfit": "14084000000",
      "totalRevenue": "21928000000",
      "costOfRevenue": "7844000000",
      "costofGoodsAndServicesSold": "3581000000",
      "operatingIncome": "6715000000",
      "sellingGeneralAndAdministrative": "4263000000",
      "researchAndDevelopment": "3106000000",
      "operatingExpenses": "7583000000",
      "investmentIncomeNet": "293000000",
      "netInterestIncome": "-437000000",
      "interestIncome": "None",
      "interestExpense": "437000000",
      "nonInterestIncome": "21928000000",
      "otherNonOperatingIncome": "-15000000",
      "depreciation": "None",
      "depreciationAndAmortization": "214000000",
      "incomeBeforeTax": "6827000000",
      "incomeTaxExpense": "1160000000",
      "interestAndDebtExpense": "437000000",
      "netIncomeFromContinuingOperations": "6715000000",
      "comprehensiveIncomeNetOfTax": "5831000000",
      "ebit": "6715000000",
      "ebitda": "6929000000",
      "netIncome": "5667000000"
    },
    {
      "fiscalDateEnding": "2016-06-30",
      "reportedCurrency": "USD",
      "grossProfit": "12635000000",
      "totalRevenue": "25997000000",
      "costOfRevenue": "7979000000",
      "costofGoodsAndServicesSold": "18676000000",
      "operatingIncome": "3080000000",
      "sellingGeneralAndAdministrative": "5237000000",
      "researchAndDevelopment": "3146000000",
      "operatingExpenses": "9251000000",
      "investmentIncomeNet": "274000000",
      "netInterestIncome": "-345000000",
      "interestIncome": "None",
      "interestExpense": "345000000",
      "nonInterestIncome": "91048000000",
      "otherNonOperatingIncome": "-39000000",
      "depreciation": "None",
      "depreciationAndAmortization": "238000000",
      "incomeBeforeTax": "5494000000",
      "incomeTaxExpense": "2372000000",
      "interestAndDebtExpense": "345000000",
      "netIncomeFromContinuingOperations": "6863000000",
      "comprehensiveIncomeNetOfTax": "6817000000",
      "ebit": "3080000000",
      "ebitda": "3318000000",
      "netIncome": "3122000000"
    },
    {
      "fiscalDateEnding": "2016-03-31",
      "reportedCurrency": "USD",
      "grossProfit": "12809000000",
      "totalRevenue": "20018000000",
      "costOfRevenue": "7722000000",
      "costofGoodsAndServicesSold": "3801000000",
      "operatingIncome": "5283000000",
      "sellingGeneralAndAdministrative": "4546000000",
      "researchAndDevelopment": "2980000000",
      "operatingExpenses": "7775000000",
      "investmentIncomeNet": "230000000",
      "netInterestIncome": "-340000000",
      "interestIncome": "None",
      "interestExpense": "340000000",
      "nonInterestIncome": "-173000000",
      "otherNonOperatingIncome": "-49000000",
      "depreciation": "None",
      "depreciationAndAmortization": "249000000",
      "incomeBeforeTax": "5036000000",
      "incomeTaxExpense": "1280000000",
      "interestAndDebtExpense": "340000000",
      "netIncomeFromContinuingOperations": "3756000000",
      "comprehensiveIncomeNetOfTax": "3823000000",
      "ebit": "5283000000",
      "ebitda": "5532000000",
      "netIncome": "3756000000"
    }
  ]
}
